@inproceedings{missier2017recruiting,
  title={Recruiting from the network: discovering Twitter users who can help combat Zika epidemics},
  author={Missier, Paolo and McClean, Callum and Carlton, Jonathan and Cedrim, Diego and Silva, Leonardo and Garcia, Alessandro and Plastino, Alexandre and Romanovsky, Alexander},
  booktitle={International Conference on Web Engineering},
  pages={437--445},
  year={2017},
  organization={Springer}
}


@inproceedings{apaolaza2015longitudinal,
  title={Longitudinal analysis of low-level Web interaction through micro behaviours},
  author={Apaolaza, Aitor and Harper, Simon and Jay, Caroline},
  booktitle={Proceedings of the 26th ACM Conference on Hypertext \& Social Media},
  pages={337--340},
  year={2015},
  organization={ACM}
}
